@book{OFDM2006,
  author         = {Nguyen Van Duc},
  editor         = {},
  publisher      = {Nhà xuất bản khoa học kỹ thuật},
  title          = {Lý thuyết và các ứng dụng của kỹ thuật OFDM},
  year           = {2006}
}

@book{b1,
  author         = {Schulze and Henrik and Christian Luders},
  editor         = {},
  publisher      = {John Wiley \& Sons},
  title          = {Theory and Applications of OFDM and CDMA},
  year           = {2005}
}

@misc{b2,
  author       = {},
  howpublished = {},
  title        = {Theory of Frequency Division Multiplexing},
  year         = {},
  url          = "http://zone.ni.com/devzone/cda/ph/p/id/269",
}

@article{b3,
  author          = {M. A. Ingram and Guillermo Acosta},
  journal         = {},
  number          = {},
  title           = {OFDM Simulation Using MATLAB},
  volume          = {},
  year            = {2000}
}

@misc{b4,
  author       = {},
  howpublished = {},
  title        = {A Brief History of OFDM},
  year         = {},
  url = "http://www.wimax.com/commentary/wimax_weekly/sidebar-1-1-a-brief-history-of-ofdm"
}

@misc{b5,
  author       = {Lui and Hui and Li Guoqing},
  howpublished = {},
  title        = {OFDM-Based Broadband Wireless Networks Design and Optimization Wiley-Interscience},
  year         = {2005}
}

@book{b6,
  author         = {Nguyen Van Duc and Khuong Nguyen and Vu Van Yem},
  publisher      = {Nhà xuất bản khoa học kỹ thuật},
  title          = {Thông tin vô tuyến},
  year           = {2004}
}

@article{Litwin2001,
  author          = {Litwin, Louis and Pugel, Michael},
  journal         = {},
  number          = {},
  title           = {The Principles of OFDM},
  volume          = {},
  year            = {2001}
}

@article{OFDM2010,
  author          = {Paul Guanming Lin},
  journal         = {},
  number          = {},
  title           = {OFDM SIMULATION in MATLAB},
  volume          = {},
  year            = {2010}
}

@misc{crc,
  author       = {},
  howpublished = {},
  title        = {Cyclic redundancy check},
  year         = {},
  url = "https://en.wikipedia.org/wiki/Cyclic_redundancy_check"
}

@misc{wikiOFDM,
  author       = {},
  howpublished = {},
  title        = {Orthogonal frequency-division multiplexing},
  year         = {},
  url = "https://en.wikipedia.org/wiki/Orthogonal_frequency-division_multiplexing"
}

@misc{rfwireless,
  author       = {},
  howpublished = {},
  title        = {Difference Between single Carrier and OFDM},
  year         = {},
  url          = {https://www.rfwireless-world.com/Articles/Difference_between_SC_and_OFDM.html},
}

@misc{ICI,
  author       = {},
  howpublished = {},
  title        = {Difference between ISI and ICI},
  year         = {},
  url          = {https://www.rfwireless-world.com/Terminology/ISI-vs-ICI.html},
}